@Article{ Krissian2000b,
	author = "K. Krissian and G. Malandain and N. Ayache and R. Vaillant and Y. Trousset",
	title = "Model Based Detection of Tubular Structures in 3D Images",
	journal = "Computer Vision and Image Understanding",
	year = "2000",
	volume = "80",
	number = "2",
	pages = "130--171",
	month = "nov",
	keywords = "vessels, multiscale analysis, centerline detection"
}

@InProceedings{ Krissian_al_2003,
	author = "K. Krissian and J. Ellsmere and K. Vosburgh and R. Kikinis and C.-F. Westin",
	title = "Multiscale Segmentation of the Aorta in 3D Ultrasound Images",
	booktitle = " 25th Annual Int. Conf. of the IEEE Engineering in Medicine and Biology Society (EMBS)",
	year = "2003",
	pages = "638--641",
	address = "Cancun Mexico",
	month = sep
}

@InProceedings{ KA09,
	author = "K. Krissian and S. Arencibia",
	month = "Sep",
	title = "A Minimal Cost Path and Level Set Evolution Approach for Carotid Bifurcation Segmentation",
	booktitle = "Proc. of MICCAIÂ´09 Workshop: Carotid Lumen Segmentation and Stenosis Grading Challenge",
	year = "2009",
	address = "London",
	url = "http://hdl.handle.net/10380/3103",
	tipo = "Poster presentation and on-site experiments"
}

