This file was created with JabRef 1.55.
Encoding: ISO8859_1

@ARTICLE{Caselles97,
  author = {Caselles, V. and Kimmel, R. and Sapiro, G.},
  title = {Geodesic active contours},
  journal = {Inter. Journal of Computer Vision},
  year = {1997},
  volume = {22},
  number = {1},
  pages = {61-79},
  keywords = {Variational problems, differential geometry, geodesics, PDE},
}

@INPROCEEDINGS{caselles95geodesic,
  author = {Vincent Caselles and Ron Kimmel and Guillermo Sapiro},
  title = {Geodesic Active Contours},
  booktitle = {{ICCV}},
  year = {1995},
  pages = {694-699},
}

@ARTICLE{Kass1988,
  author = {Kass, M. and Witkin, A. and Terzopoulos, D.},
  title = { Snakes: Active Contour Models},
  journal = {International Journal of Computer Vision},
  year = {1988},
  volume = {1},
  number = {4},
  pages = {321--331},
  modified = {liana},
}

@BOOK{Osher2002,
  title = {Level Set Methods and Dynamic Implicit Surfaces},
  publisher = {Springer-Verlag},
  year = {2002},
  author = {Osher, S. and Fedkiw, R},
  address = {New York},
  owner = {karl},
}

@BOOK{Sapiro01,
  title = {Geometric Partial Differential Equations and Image Analysis},
  publisher = {Cambridge University Press},
  year = {2001},
  author = {Sapiro, G.},
}

@BOOK{Sethian99book,
  title = {{Level Set Methods and Fast Marching Methods: Evolving Interfaces in Computational Geometry, Fluid Mechanics, Computer Vision and Materials Science}},
  publisher = {Cambridge University Press},
  year = {1999},
  author = {Sethian, J.A.},
  note = {New Edition},
}

@BOOK{OsherParagios2003,
  title = {Geometric Level Set Methods in Imaging Vision and Graphics},
  publisher = {Springer},
  year = {2003},
  editor = {S. Osher and N. Paragios},
  owner = {karl},
}



@ARTICLE{KrissianWestin05,
  title = {Fast Sub-Voxel Re-initialization of the Distance Map for Level Set Methods},
  author = {Krissian, Karl and  Westin, Carl-Fredrik},
 journal =  {Pattern Recognition Letters}, 
  volume = 26,
  number = 10,
  pages = {1532-1542},
  year = {2005}
}
